@online{db1,
author = "Oxford University",
title =	"The Oxford-IIIT Pet Dataset",
url = {http://www.robots.ox.ac.uk/~vgg/data/pets/}
}

@online{db2,
author = "Weiwei Zhang et al.",
title =	"Cat Dataset",
url = {https://archive.org/details/CAT_DATASET}
}

@online{db3,
author = "Stanford University.",
title =	"Stanford Dogs Dataset",
url = {http://vision.stanford.edu/aditya86/ImageNetDogs/}
}

@online{tf,
author = "Google Inc",
title =	"TensorFlow",
url = {https://www.tensorflow.org}
}

@online{cnn-tutorial,
author = "Google Inc",
title =	"TensorFlow - Convolutional Neural Networks",
url = {https://www.tensorflow.org/tutorials/deep_cnn}
}

@book{book-tf,
  author    = {Aurélien Géron},
  title     = {Hands on Machine Learning with Scikit-Learn \& Tensorflow},
  publisher = {O'Reilly},
  year      = 2017,
  edition   = 1,
  isbn      = 1491962291
}

@article{Srivastava:2014:DSW:2627435.2670313,
 author = {Srivastava, Nitish and Hinton, Geoffrey and Krizhevsky, Alex and Sutskever, Ilya and Salakhutdinov, Ruslan},
 title = {Dropout: A Simple Way to Prevent Neural Networks from Overfitting},
 journal = {J. Mach. Learn. Res.},
 issue_date = {January 2014},
 volume = {15},
 number = {1},
 month = jan,
 year = {2014},
 issn = {1532-4435},
 pages = {1929--1958},
 numpages = {30},
 url = {http://dl.acm.org/citation.cfm?id=2627435.2670313},
 acmid = {2670313},
 publisher = {JMLR.org},
 keywords = {deep learning, model combination, neural networks, regularization},
} 